<?xml version="1.0" encoding="UTF-8"?><collection xmlns="http://www.loc.gov/MARC21/slim"><record><leader>00410nam--2200133-i-4500</leader><controlfield tag="001">000011964</controlfield><controlfield tag="002">20161230</controlfield><controlfield tag="005">20161230201029</controlfield><controlfield tag="008">060222s1000------------r-----000-0-eng-d</controlfield><datafield ind1=" " ind2=" " tag="080"><subfield code="a">658.3</subfield></datafield><datafield ind1=" " ind2=" " tag="245"><subfield code="a">Aspecte psiho-sociologice privind climatul intreprinderii</subfield></datafield><datafield ind1=" " ind2=" " tag="260"><subfield code="a">Bucuresti, Institutul National De Informare Si Documentare, 1977 50 P</subfield></datafield><datafield ind1=" " ind2=" " tag="490"><subfield code="a">Colectia Probleme Ale Conducerii Moderne</subfield></datafield><datafield ind1=" " ind2=" " tag="852"><subfield code="a">44333</subfield></datafield></record></collection>